
@inproceedings{mcsherry_privacy_2009,
	location = {Providence Rhode Island {USA}},
	title = {Privacy integrated queries: an extensible platform for privacy-preserving data analysis},
	isbn = {978-1-60558-551-2},
	doi = {10.1145/1559845.1559850},
	shorttitle = {Privacy integrated queries},
	eventtitle = {{SIGMOD}/{PODS} '09: International Conference on Management of Data},
	pages = {19--30},
	booktitle = {Proceedings of the 2009 {ACM} {SIGMOD} International Conference on Management of data},
	publisher = {{ACM}},
	author = {{McSherry}, Frank D.},
	date = {2009-06-29},
	langid = {english},
}

@inproceedings{dwork_differential_2006,
	title = {Differential privacy},
	pages = {1--12},
	booktitle = {Automata, Languages and Programming: 33rd International Colloquium, {ICALP} 2006, Venice, Italy, July 10-14, 2006, Proceedings, Part {II} 33},
	publisher = {Springer},
	author = {Dwork, Cynthia},
	date = {2006},
	file = {Full Text:/home/kevin/Zotero/storage/7EQJ3QP7/Dwork - 2006 - Differential privacy.pdf:application/pdf;Snapshot:/home/kevin/Zotero/storage/IXXD9RTY/11787006_1.html:text/html},
}

@inproceedings{dwork_calibrating_2006,
	title = {Calibrating noise to sensitivity in private data analysis},
	pages = {265--284},
	booktitle = {Theory of Cryptography: Third Theory of Cryptography Conference, {TCC} 2006, New York, {NY}, {USA}, March 4-7, 2006. Proceedings 3},
	publisher = {Springer},
	author = {Dwork, Cynthia and {McSherry}, Frank and Nissim, Kobbi and Smith, Adam},
	date = {2006},
	file = {Full Text:/home/kevin/Zotero/storage/ZKRSPUJJ/Dwork et al. - 2006 - Calibrating noise to sensitivity in private data a.pdf:application/pdf;Snapshot:/home/kevin/Zotero/storage/XI2IDDA3/11681878_14.html:text/html},
}

@inproceedings{dwork_differential_2008,
	title = {Differential privacy: A survey of results},
	shorttitle = {Differential privacy},
	pages = {1--19},
	booktitle = {Theory and Applications of Models of Computation: 5th International Conference, {TAMC} 2008, Xi’an, China, April 25-29, 2008. Proceedings 5},
	publisher = {Springer},
	author = {Dwork, Cynthia},
	date = {2008},
	file = {Full Text:/home/kevin/Zotero/storage/KJ8E4RYP/Dwork - 2008 - Differential privacy A survey of results.pdf:application/pdf;Snapshot:/home/kevin/Zotero/storage/WE25YI79/978-3-540-79228-4_1.html:text/html},
}

@article{zhao_survey_2022,
	title = {A survey on differential privacy for unstructured data content},
	volume = {54},
	pages = {1--28},
	number = {10},
	journaltitle = {{ACM} Computing Surveys ({CSUR})},
	author = {Zhao, Ying and Chen, Jinjun},
	date = {2022},
	note = {Publisher: {ACM} New York, {NY}},
}

@article{dwork_algorithmic_2014,
	title = {The algorithmic foundations of differential privacy},
	volume = {9},
	pages = {211--407},
	number = {3},
	journaltitle = {Foundations and Trends® in Theoretical Computer Science},
	author = {Dwork, Cynthia and Roth, Aaron},
	date = {2014},
	note = {Publisher: Now Publishers, Inc.},
	file = {Full Text:/home/kevin/Zotero/storage/VX5YD2Q3/Dwork and Roth - 2014 - The algorithmic foundations of differential privac.pdf:application/pdf;Snapshot:/home/kevin/Zotero/storage/GGBPX7QP/TCS-042.html:text/html},
}

@article{xiao_edge_2019,
	title = {Edge computing security: State of the art and challenges},
	volume = {107},
	shorttitle = {Edge computing security},
	pages = {1608--1631},
	number = {8},
	journaltitle = {Proceedings of the {IEEE}},
	author = {Xiao, Yinhao and Jia, Yizhen and Liu, Chunchi and Cheng, Xiuzhen and Yu, Jiguo and Lv, Weifeng},
	date = {2019},
	note = {Publisher: {IEEE}},
	file = {Full Text:/home/kevin/Zotero/storage/T55WP4BK/Xiao et al. - 2019 - Edge computing security State of the art and chal.pdf:application/pdf;Snapshot:/home/kevin/Zotero/storage/4CM5M3J6/8741060.html:text/html},
}

@article{hassan_differential_2019,
	title = {Differential privacy techniques for cyber physical systems: a survey},
	volume = {22},
	shorttitle = {Differential privacy techniques for cyber physical systems},
	pages = {746--789},
	number = {1},
	journaltitle = {{IEEE} Communications Surveys \& Tutorials},
	author = {Hassan, Muneeb Ul and Rehmani, Mubashir Husain and Chen, Jinjun},
	date = {2019},
	note = {Publisher: {IEEE}},
	file = {Full Text:/home/kevin/Zotero/storage/2CBRRP58/Hassan et al. - 2019 - Differential privacy techniques for cyber physical.pdf:application/pdf;Snapshot:/home/kevin/Zotero/storage/RU773TH5/8854247.html:text/html},
}

@online{tagesschaude_gesundheitswesen_nodate,
	title = {Gesundheitswesen: Wenn die Patientenakte digital ist},
	url = {https://www.tagesschau.de/inland/innenpolitik/elektronische-patientenakte-109.html},
	shorttitle = {Gesundheitswesen},
	abstract = {Digital läuft im Gesundheitswesen bislang wenig. Papier und Faxgerät sind oftmals Mittel der Wahl. Nun will Minister Lauterbach die elektronische Patientenakte vorantreiben. Die bietet Vorteile - birgt aber auch Risiken. Von Nadine Bader.},
	titleaddon = {tagesschau.de},
	author = {tagesschau.de},
	urldate = {2023-04-06},
	langid = {german},
	file = {Snapshot:/home/kevin/Zotero/storage/48MYLQ44/elektronische-patientenakte-109.html:text/html},
}
